%% This BibTeX bibliography file was created using BibDesk.
%% http://bibdesk.sourceforge.net/


%% Created for Anderson Lab Account at 2018-01-31 17:06:04 -0500 


%% Saved with string encoding Unicode (UTF-8) 


@comment{jabref-meta: databaseType:bibtex;}

@inproceedings{anderson2017vision,
  title={A Vision for Co-optimized T\&D System Interaction with Renewables and Demand Response},
  author={Anderson, Lindsay and Z{\'e}phyr, Luckny and Cardell, Judy},
  booktitle={Proceedings of the 50th Hawaii International Conference on System Sciences},
  year={2017}
}

@inproceedings{kun2015considering,
  title={Considering Energy Storage System Energy Management in Microgrid},
  author={Kun, Yin and Yajuan, Liu and Guowei, Yi and Peng, Zhou},
  booktitle={Measuring Technology and Mechatronics Automation (ICMTMA), 2015 Seventh International Conference on},
  pages={297--301},
  year={2015},
  organization={IEEE}
}

@article{sto,
	Author = {M. Afkousi-Paqaleh and A. R. Noory and A. Abbaspour T. F. and M. Rashidinejad},
	Journal = {Power and Energy Engineering Conference (APPEEC)},
	Pages = {1-4},
	Title = {Transmission Congestion Management Using Distributed Generation Considering Load Uncertainty},
	Year = {2010}}

@inproceedings{lmprank,
	Author = {N. Kumar and P. Dutta and L. Xie},
	booktitle = {North American Power Symposium (NAPS), 2011},
	Title = {Optimal DG Placement For Congestion Mitigation And Social Welfare Maximization},
        pages={1-5}, 
	Year = {2011}}

@INPROCEEDINGS{graph, 
author={H. Labrini and A. Gad and R. A. ElShatshat and M. M. A. Salama}, 
booktitle={Power Energy Society General Meeting}, 
title={Dynamic Graph Based Dg Allocation For Congestion Mitigation In Radial Distribution Networks}, 
year={2015}, 
pages={1-5},
organization  = {Institute of Electrical and Electronics Engineers} 
}


@INPROCEEDINGS{PSO, 
author={S. M. H. Nabavi and S. Hajforoosh and M. A. S. Masoum}, 
booktitle={Innovative Smart Grid Technologies Asia (ISGT), 2011}, 
title={Placement And Sizing Of Distributed Generation Units For Congestion Management And Improvement Of Voltage Profile Using Particle Swarm Optimization}, 
year={2011}, 
pages={1-6}, 
organization = {Institute of Electrical and Electronics Engineers} 
}

@article{CF,
	Author = {Jianwei Liu and M. M. A. Salama and Raafat R. Mansour},
	Journal = {Institute of Electrical and Electronics Engineers Transactions On Power Delivery},
	Number = {3},
	Title = {Identify The Impact Of Distributed Resources On Congestion Management},
	Volume = {20},
        number={3}, 
        pages={1998-2005}, 
	Year = {2005}}

@article{CBA,
	Author = {M. Afkousi-Paqaleh and A. Abbaspour-Tehrani-fard and M. Rashidinejad and K. Y. Lee},
	Institution = {Institute of Electrical and Electronics Engineers},
	Journal = {Power and Energy Society General Meeting},
	Title = {Optimal Placement And Sizing Of Distributed Resources For Congestion Management Considering Cost/Benefit Analysis},
	Year = {2010}}

@article{sa,
	Author = {C. Nayanatara and J. Baskaran and D. P. Kothari},
	Date-Added = {2016-03-28 15:38:02 +0000},
	Date-Modified = {2016-03-28 15:39:46 +0000},
	Journal = {Computation of Power, Energy Information and Commuincation (ICCPEIC)},
	Pages = {276-281},
	Title = {Simulated Annealing Approach For Congestion Minimization Using Distributed Power Generation},
	Year = {2015}}

@article{solar,
	Author = {L. Chun-Hao and A. Nirwan},
	Date-Added = {2016-06-05 00:52:07 +0000},
	Date-Modified = {2016-06-05 00:54:11 +0000},
	Journal = {Institute of Electrical and Electronics Engineers Transactions on Parallel and Distributed Systems},
	Title = {Alleviating Solar Energy Congestion In The Distribution Grid Via Smart Metering Communications},
	Year = {2012}}

@article{population,
	Author = {E. Mojica-Nava and C. Barreto and N. Quijano},
	Date-Added = {2017-04-21 20:16:13 +0000},
	Date-Modified = {2017-04-21 20:16:29 +0000},
	Doi = {10.1109/TSG.2015.2444399},
	Issn = {1949-3053},
	Journal = {IEEE Transactions on Smart Grid},
	Keywords = {distributed control;distributed power generation;energy management systems;game theory;power distribution control;power generation dispatch;power generation economics;reactive power control;demand response;dynamic economic dispatch problem;microgrids distribution control;microgrids management;population games methods;reactive power;Games;Microgrids;Power generation dispatch;Reactive power;Demand response (DR);microgrids;opinion dynamics;populations games},
	Month = {Nov},
	Number = {6},
	Pages = {2586-2595},
	Title = {Population Games Methods for Distributed Control of Microgrids},
	Volume = {6},
	Year = {2015},
	Bdsk-Url-1 = {http://dx.doi.org/10.1109/TSG.2015.2444399}}

@article{optimizing,
	Author = {M. Ahmadi and J. M. Rosenberger and W. J. Lee and A. Kulvanitchaiyanunt},
	Date-Added = {2017-04-21 20:15:09 +0000},
	Date-Modified = {2017-04-21 20:15:24 +0000},
	Doi = {10.1109/TSG.2014.2387202},
	Issn = {1949-3053},
	Journal = {IEEE Transactions on Smart Grid},
	Keywords = {distributed power generation;load regulation;power distribution economics;RMG community;analytical model;collaborative consumption;collaborative residential microgrid environment;demand response;economic benefits;load control optimization;profit maximization;real-time consumption;reschedulable ability;residential loads;social agreement;Batteries;Collaboration;Electricity;Home appliances;Load flow control;Load modeling;Microgrids;Collaborative consumption (CC);power system economics;priority-based scheduling;residential microgrid (RMG)},
	Month = {May},
	Number = {3},
	Pages = {1196-1207},
	Title = {Optimizing Load Control in a Collaborative Residential Microgrid Environment},
	Volume = {6},
	Year = {2015},
	Bdsk-Url-1 = {http://dx.doi.org/10.1109/TSG.2014.2387202}}

@article{model,
	Author = {Y. Zhang and R. Wang and T. Zhang and Y. Liu and B. Guo},
	Date-Added = {2017-04-21 20:12:57 +0000},
	Date-Modified = {2017-04-21 20:13:13 +0000},
	Doi = {10.1049/iet-gtd.2015.1127},
	Issn = {1751-8687},
	Journal = {IET Generation, Transmission Distribution},
	Keywords = {demand forecasting;demand side management;distributed power generation;energy management systems;hybrid electric vehicles;integer programming;iterative methods;linear programming;optimal control;power generation control;power generation economics;power grids;predictive control;pricing;renewable energy sources;sensitivity analysis;thermal energy storage;MPC-based home energy management system;RM optimal control action;demand response strategy;electrical energy storage unit;electricity price;finite-horizon mixed-integer linear programming problem;forecast uncertainty;iterative formulation;load demand time-varying information;model predictive control-based operation management;plug-in hybrid electric vehicle;renewable energy generation;residential microgrid;responsive electrical load;responsive thermal load;sensitivity analysis;thermal energy storage unit},
	Number = {10},
	Pages = {2367-2378},
	Title = {Model predictive control-based operation management for a residential microgrid with considering forecast uncertainties and demand response strategies},
	Volume = {10},
	Year = {2016},
	Bdsk-Url-1 = {http://dx.doi.org/10.1049/iet-gtd.2015.1127}}

@inproceedings{RTP2,
	Author = {H. P. Khomami and M. H. Javidi},
	Booktitle = {2014 Smart Grid Conference (SGC)},
	Date-Added = {2017-04-21 14:54:31 +0000},
	Date-Modified = {2017-04-21 14:54:44 +0000},
	Doi = {10.1109/SGC.2014.7151038},
	Keywords = {distributed power generation;energy management systems;gas turbines;integer programming;nonlinear programming;power generation economics;power generation scheduling;pricing;profitability;smart power grids;solar power;turbogenerators;wind power;MINLP;benders decomposition algorithm;day-ahead schedule;elasticity matrix;energy management;indirect load control;mathematical optimization model;micro gas turbine generators;microgrid operation costs;mixed integer nonlinear problem;price-based load control;profit maximization;real-time pricing program;renewable based smart microgrid;renewable energy sources;residential customers;residential smart microgrid;revenues;smart homes;solar power supply;wind power supply;Elasticity;Energy management;Mathematical model;Microgrids;Pricing;Real-time systems;Schedules},
	Month = {Dec},
	Pages = {1-6},
	Title = {Energy management of smart microgrid in presence of renewable energy sources based on real-time pricing},
	Year = {2014},
	Bdsk-Url-1 = {http://dx.doi.org/10.1109/SGC.2014.7151038}}

@article{ref5,
	Author = {S. Choi and S. Park and D. J. Kang and S. j. Han and H. M. Kim},
	Date-Added = {2016-11-17 18:56:19 +0000},
	Date-Modified = {2016-11-17 18:56:43 +0000},
	Journal = {Smart Grid Communications (SmartGridComm), 2011 IEEE International Conference on},
	Title = {A microgrid energy management system for inducing optimal demand response},
	Year = {2011}}

@article{optimals,
	Author = {G. Carpinelli and F. Mottola and D. Proto},
	Date-Added = {2017-04-21 20:23:34 +0000},
	Date-Modified = {2017-04-21 20:25:09 +0000},
	Doi = {10.1049/iet-gtd.2013.0758},
	Issn = {1751-8687},
	Journal = {IET Generation, Transmission Distribution},
	Keywords = {cost reduction;demand side management;distributed power generation;electric vehicles;power grids;Î¼G;DG units;EV fleets;cost minimisation;data centre storage systems;demand response resources;distributed generation units;distributed resources;high-cost periods;load profile;microgrid;microgrids;optimal scheduling;optimisation model;plug-in electric vehicle fleets;power grid},
	Number = {12},
	Pages = {1891-1899},
	Title = {Optimal scheduling of a microgrid with demand response resources},
	Volume = {8},
	Year = {2014},
	Bdsk-Url-1 = {http://dx.doi.org/10.1049/iet-gtd.2013.0758}}

@article{risk,
	Author = {D. T. Nguyen and L. B. Le},
	Date-Added = {2017-04-21 20:18:40 +0000},
	Date-Modified = {2017-04-21 20:18:46 +0000},
	Doi = {10.1109/TSG.2014.2346024},
	Issn = {1949-3053},
	Journal = {IEEE Transactions on Smart Grid},
	Keywords = {demand side management;distributed power generation;power distribution economics;power generation economics;power markets;profitability;risk management;stochastic programming;conditional value-at-risk method;day-ahead market;demand response aggregation;load adjustment;local distributed energy resources;microgrid aggregators;operation optimization;pool market;risk aversion;risk-constrained profit maximization;risk-constrained scenario-based stochastic programming framework;Contracts;Electricity;Forecasting;Load modeling;Optimization;Stochastic processes;Uncertainty;Conditional value at risk (CVaR);demand response (DR) aggregation;microgrid (MG) aggregator;two-stage stochastic optimization},
	Month = {Jan},
	Number = {1},
	Pages = {135-146},
	Title = {Risk-Constrained Profit Maximization for Microgrid Aggregators With Demand Response},
	Volume = {6},
	Year = {2015},
	Bdsk-Url-1 = {http://dx.doi.org/10.1109/TSG.2014.2346024}}

@article{a,
	Author = {D. Wang and S. Ge and H. Jia and C. Wang and Y. Zhou and N. Lu and X. Kong},
	Date-Added = {2017-04-21 20:24:25 +0000},
	Date-Modified = {2017-04-21 20:24:34 +0000},
	Doi = {10.1109/TSTE.2013.2293772},
	Issn = {1949-3029},
	Journal = {IEEE Transactions on Sustainable Energy},
	Keywords = {distributed power generation;heat pumps;load regulation;power supply quality;renewable energy sources;battery storage coordination algorithm;coordinating control strategy;demand response;distributed heat pumps;electric heat pumps;microgrid tie line smoothing services;power quality;renewable generation resources;tie line power fluctuations;two way communication networks;Batteries;Heat pumps;Load management;Load modeling;Microgrids;Smoothing methods;Demand response (DR);heat pump;load balancing;load control;microgrid;power quality;renewable integration;thermostatically controlled appliances (TCAs)},
	Month = {April},
	Number = {2},
	Pages = {476-486},
	Title = {A Demand Response and Battery Storage Coordination Algorithm for Providing Microgrid Tie-Line Smoothing Services},
	Volume = {5},
	Year = {2014},
	Bdsk-Url-1 = {http://dx.doi.org/10.1109/TSTE.2013.2293772}}

@article{bilevel1,
  title={A review on bilevel optimization: from classical to evolutionary approaches and applications},
  author={Sinha, Ankur and Malo, Pekka and Deb, Kalyanmoy},
  journal={IEEE Transactions on Evolutionary Computation},
  year={2017},
  publisher={IEEE}
}

@article{bialas1984two,
  title={Two-level linear programming},
  author={Bialas, Wayne F and Karwan, Mark H},
  journal={Management science},
  volume={30},
  number={8},
  pages={1004--1020},
  year={1984},
  publisher={INFORMS}
}

@article{bard1982explicit,
  title={An explicit solution to the multi-level programming problem},
  author={Bard, Jonathan F and Falk, James E},
  journal={Computers \& Operations Research},
  volume={9},
  number={1},
  pages={77--100},
  year={1982},
  publisher={Elsevier}
}

@article{kolstad1990derivative,
  title={Derivative evaluation and computational experience with large bilevel mathematical programs},
  author={Kolstad, Charles D and Lasdon, Leon S},
  journal={Journal of optimization theory and applications},
  volume={65},
  number={3},
  pages={485--499},
  year={1990},
  publisher={Springer}
}

@article{savard1994steepest,
  title={The steepest descent direction for the nonlinear bilevel programming problem},
  author={Savard, Gilles and Gauvin, Jacques},
  journal={Operations Research Letters},
  volume={15},
  number={5},
  pages={265--272},
  year={1994},
  publisher={Elsevier}
}

@article{lv2007penalty,
  title={A penalty function method based on Kuhn--Tucker condition for solving linear bilevel programming},
  author={Lv, Yibing and Hu, Tiesong and Wang, Guangmin and Wan, Zhongping},
  journal={Applied Mathematics and Computation},
  volume={188},
  number={1},
  pages={808--813},
  year={2007},
  publisher={Elsevier}
}

@article{white1993penalty,
  title={A penalty function approach for solving bi-level linear programs},
  author={White, Douglas J and Anandalingam, G},
  journal={Journal of Global Optimization},
  volume={3},
  number={4},
  pages={397--419},
  year={1993},
  publisher={Springer}
}

@article{colson2005trust,
  title={A trust-region method for nonlinear bilevel programming: algorithm and computational experience},
  author={Colson, Beno{\^\i}t and Marcotte, Patrice and Savard, Gilles},
  journal={Computational Optimization and Applications},
  volume={30},
  number={3},
  pages={211--227},
  year={2005},
  publisher={Springer}
}

@article{marcotte2001trust,
  title={A trust region algorithm for nonlinear bilevel programming},
  author={Marcotte, Patrice and Savard, Gilles and Zhu, DL},
  journal={Operations research letters},
  volume={29},
  number={4},
  pages={171--179},
  year={2001},
  publisher={Elsevier}
}

@article{mathieu1994genetic,
  title={Genetic algorithm based approach to bi-level linear programming},
  author={Mathieu, R and Pittard, L and Anandalingam, G},
  journal={RAIRO-Operations Research},
  volume={28},
  number={1},
  pages={1--21},
  year={1994},
  publisher={EDP Sciences}
}

@inproceedings{li2006hierarchical,
  title={A hierarchical particle swarm optimization for solving bilevel programming problems},
  author={Li, Xiangyong and Tian, Peng and Min, Xiaoping},
  booktitle={International Conference on Artificial Intelligence and Soft Computing},
  pages={1169--1178},
  year={2006},
  organization={Springer}
}

@inproceedings{zhu2006hybrid,
  title={A hybrid differential evolution algorithm for solving nonlinear bilevel programming with linear constraints},
  author={Zhu, Xiaobo and Yu, Qian and Wang, Xianjia},
  booktitle={Cognitive Informatics, 2006. ICCI 2006. 5th IEEE International Conference on},
  volume={1},
  pages={126--131},
  year={2006},
  organization={IEEE}
}

@article{wang2007review,
  title={Review of metamodeling techniques in support of engineering design optimization},
  author={Wang, G Gary and Shan, Songqing},
  journal={Journal of Mechanical design},
  volume={129},
  number={4},
  pages={370--380},
  year={2007},
  publisher={American Society of Mechanical Engineers}
}

@article{bilevel2,
  title={An overview of bilevel optimization},
  author={Colson, Beno{\^\i}t and Marcotte, Patrice and Savard, Gilles},
  journal={Annals of operations research},
  volume={153},
  number={1},
  pages={235--256},
  year={2007},
  publisher={Springer}
}

@book{winston2003introduction,
  title={Introduction to mathematical programming},
  author={Winston, Wayne L and Venkataramanan, Munirpallam and Goldberg, Jeffrey B},
  volume={1},
  year={2003},
  publisher={Thomson/Brooks/Cole Duxbury; Pacific Grove, CA}
}

@article{castro2015tightening,
  title={Tightening piecewise McCormick relaxations for bilinear problems},
  author={Castro, Pedro M},
  journal={Computers \& Chemical Engineering},
  volume={72},
  pages={300--311},
  year={2015},
  publisher={Elsevier}
}

@article{energy2010eastern,
  title={Eastern wind integration and transmission study},
  author={Energy, Great Lakes Regional Wind},
  journal={Technical Report, National Renewable Energy Laboratory (NREL)},
  year={2010}
}

@article{anderson2011wind,
  title={Wind output forecasts and scenario analysis for stochastic multiperiod optimal power flow},
  author={Anderson, CL and Zimmerman, RD},
  journal={PSERC Webinar},
  pages={1--38},
  year={2011}
}

@inproceedings{liu2016comparison,
  title={A comparison of robust and probabilistic reliability for systems with renewables and responsive demand},
  author={Liu, Jialin and Martinez, Maria Gabriela and Li, Bowen and Mathieu, Johanna and Anderson, C Lindsay},
  booktitle={System Sciences (HICSS), 2016 49th Hawaii International Conference on},
  pages={2373--2380},
  year={2016},
  organization={IEEE}
}

@inproceedings{liu2016quantifying,
  title={Quantifying the impact of microgrid location and behavior on transmission network congestion},
  author={Liu, Jialin and Martinez, Gabriela and Anderson, C Lindsay},
  booktitle={Proceedings of the 2016 Winter Simulation Conference},
  pages={1745--1756},
  year={2016},
  organization={IEEE Press}
}

@inproceedings{zimmerman2009matpower,
  title={MATPOWER's extensible optimal power flow architecture},
  author={Zimmerman, Ray D and Murillo-S{\'a}nchez, Carlos E and Thomas, Robert J},
  booktitle={Power \& Energy Society General Meeting, 2009. PES'09. IEEE},
  pages={1--7},
  year={2009},
  organization={IEEE}
}

@book{european2012wind,
  title={Wind energy-the facts: a guide to the technology, economics and future of wind power},
  author={European Wind Energy Association and others},
  year={2012},
  publisher={Routledge}
}

@book{convex,
  title={Convex analysis and nonlinear optimization: theory and examples},
  author={Borwein, Jonathan and Lewis, Adrian S},
  year={2010},
  publisher={Springer Science \& Business Media}
}