%% This BibTeX bibliography file was created using BibDesk.
%% http://bibdesk.sourceforge.net/


%% Created for Anderson Lab Account at 2015-08-27 09:51:28 -0400 


%% Saved with string encoding Unicode (UTF-8) 

@article{baran1989network,
  title={Network reconfiguration in distribution systems for loss reduction and load balancing},
  author={Baran, Mesut E and Wu, Felix F},
  journal={IEEE Transactions on Power delivery},
  volume={4},
  number={2},
  pages={1401--1407},
  year={1989},
  publisher={IEEE}
}

@book{convex,
  title={Convex analysis and nonlinear optimization: theory and examples},
  author={Borwein, Jonathan and Lewis, Adrian S},
  year={2010},
  publisher={Springer Science \& Business Media}
}

@article{bilevel1,
  title={A review on bilevel optimization: from classical to evolutionary approaches and applications},
  author={Sinha, Ankur and Malo, Pekka and Deb, Kalyanmoy},
  journal={IEEE Transactions on Evolutionary Computation},
  year={2017},
  publisher={IEEE}
}

@article{dpf,
  title={Network reconfiguration in distribution systems for loss reduction and load balancing},
  author={Baran, Mesut E and Wu, Felix F},
  journal={IEEE Transactions on Power delivery},
  volume={4},
  number={2},
  pages={1401--1407},
  year={1989},
  publisher={IEEE}
}

@book{winston2003introduction,
  title={Introduction to mathematical programming},
  author={Winston, Wayne L and Venkataramanan, Munirpallam and Goldberg, Jeffrey B},
  volume={1},
  year={2003},
  publisher={Thomson/Brooks/Cole Duxbury; Pacific Grove, CA}
}

@article{anderson2011wind,
  title={Wind output forecasts and scenario analysis for stochastic multiperiod optimal power flow},
  author={Anderson, CL and Zimmerman, RD},
  journal={PSERC Webinar},
  pages={1--38},
  year={2011}
}

@article{energy2010eastern,
  title={Eastern wind integration and transmission study},
  author={Energy, Great Lakes Regional Wind},
  journal={Technical Report, National Renewable Energy Laboratory (NREL)},
  year={2010}
}

@article{anderson2011wind,
  title={Wind output forecasts and scenario analysis for stochastic multiperiod optimal power flow},
  author={Anderson, CL and Zimmerman, RD},
  journal={PSERC Webinar},
  pages={1--38},
  year={2011}
}

@book{european2012wind,
  title={Wind energy-the facts: a guide to the technology, economics and future of wind power},
  author={European Wind Energy Association and others},
  year={2012},
  publisher={Routledge}
}

@inproceedings{zimmerman2009matpower,
  title={MATPOWER's extensible optimal power flow architecture},
  author={Zimmerman, Ray D and Murillo-S{\'a}nchez, Carlos E and Thomas, Robert J},
  booktitle={Power \& Energy Society General Meeting, 2009. PES'09. IEEE},
  pages={1--7},
  year={2009},
  organization={IEEE}
}